@book{practical-malware-analysis,
  title        = {{Practical Malware Analysis: The Hands-On Guide to Dissecting Malicious Software}},
  author       = {Sikorski, Michael and Honig, Andrew},
  year         = 2012,
  publisher    = {No Starch Press},
  note         = {\url{https://nostarch.com/malware}}
}
@book{countdown-to-zero-day,
  title        = {Countdown to Zero Day: Stuxnet and the launch of the world's first Digital Weapon},
  author       = {Zetter, Kim},
  year         = 2015,
  publisher    = {Crown Archetype}
}
@book{sandworm,
  title        = {Sandworm: A new era of cyberwar and the hunt for the Kremlin's most dangerous hackers},
  author       = {Greenberg, Andy},
  year         = 2019,
  publisher    = {Doubleday}
}
@book{perfect_weapon,
  title        = {The perfect weapon: War, sabotage, and fear in the Cyber Age},
  author       = {Sanger, David E.},
  year         = 2019,
  publisher    = {Broadway Books}
}
@book{ida_guide,
  title        = {The {IDA Pro} Book: The Unofficial guide to the World's most popular disassembler},
  author       = {Eagle, Chris},
  year         = 2011,
  publisher    = {No Starch Press}
}
