@misc{microsoft-malware,
  title        = {Defining Malware},
  author       = {Microsoft},
  howpublished = {\url{https://docs.microsoft.com/en-us/previous-versions/tn-archive/dd632948(v=technet.10)}},
  date         = {2009-01-04}
}
@misc{av-test,
  title        = {{AV-TEST}},
  howpublished = {\url{https://www.av-test.org/en/statistics/malware/}},
  date         = {2022-03-16}
}
@misc{pipeline-attack,
  title        = {Hackers Breached Colonial Pipeline Using Compromised Password},
  author       = {Turton, William and Mehorta, Kartikay},
  howpublished = {\url{https://www.bloomberg.com/news/articles/2021-06-04/hackers-breached-colonial-pipeline-using-compromised-password}},
  date         = {2021-06-04}
}
@misc{flirt,
  title        = {{F.L.I.R.T.}},
  author       = {{HexRays}},
  howpublished = {\url{https://hex-rays.com/products/ida/tech/flirt/}},
  year         = 2021
}
@misc{ghidra-fid,
  title        = {{Ghidra FID generation}},
  author       = {0x6d696368},
  howpublished = {\url{https://blog.threatrack.de/2019/09/20/ghidra-fid-generator/}},
  date         = {2019-09-20}
}
@misc{f-secure-persistence,
  title        = {Attack detection fundamentals: Code execution and persistence lab 2},
  author       = {Anartz Martin},
  howpublished = {\url{https://labs.f-secure.com/blog/attack-detection-fundamentals-code-execution-and-persistence-lab-2/}},
  date         = {2020-07-03}
}
@misc{andrea-blog,
  title        = {Malware persistence techniques},
  author       = {Andrea Fortuna},
  howpublished = {\url{https://andreafortuna.org/2017/07/06/malware-persistence-techniques/}},
  date         = {2017-07-06}
}
@misc{winlogon-persistence,
  title        = {Windows Persistence using {WinLogon}},
  author       = {Raj Chandel},
  howpublished = {\url{https://www.hackingarticles.in/windows-persistence-using-winlogon/}},
  date         = {2020-04-12}
}
@misc{x86-dominance,
  title        = {Apple is beginning to undo decades of Intel, x86 dominance in PC market},
  author       = {Agam Shah},
  howpublished = {\url{https://www.theregister.com/2021/11/12/apple_arm_m1_intel_x86_market/}},
  date         = {2021-11-12}
}
@misc{north-korea-chainalysis,
  title        = {North Korean Hackers Have Prolific Year as Their Unlaundered Cryptocurrency Holdings Reach All-time High},
  author       = {Chainalysis},
  howpublished = {\url{https://blog.chainalysis.com/reports/north-korean-hackers-have-prolific-year-as-their-total-unlaundered-cryptocurrency-holdings-reach-all-time-high/}},
  date         = {2022-01-13}
}
@misc{virustotal-behavioural,
  title        = {{VirusTotal} += Behavioural Information},
  author       = {Emiliano Martinez},
  howpublished = {\url{https://blog.virustotal.com/2012/07/virustotal-behavioural-information.html}},
  date         = {2012-07-23}
}
@misc{wow64,
  title        = {Running 32-bit Applications},
  author       = {Microsoft},
  year         = 2020,
  howpublished = {\url{https://docs.microsoft.com/en-us/windows/win32/winprog64/running-32-bit-applications}}
}
@misc{load-time-dynamic-linking,
  title        = {Load-Time Dynamic Linking},
  author       = {Microsoft},
  date         = {2021-07-01},
  howpublished = {\url{https://docs.microsoft.com/en-us/windows/win32/dlls/load-time-dynamic-linking}}
}
@misc{run-time-dynamic-linking,
  title        = {Run-Time Dynamic Linking},
  author       = {Microsoft},
  date         = {2021-07-01},
  howpublished = {\url{https://docs.microsoft.com/en-us/windows/win32/dlls/run-time-dynamic-linking}}
}
@misc{run-key,
  title        = {{Run} and {RunOnce} Registry Keys},
  author       = {Microsoft},
  date         = {2022-02-08},
  howpublished = {\url{https://docs.microsoft.com/en-us/windows/win32/setupapi/run-and-runonce-registry-keys}}
}
@misc{russian-keyboards,
  author       = {Brian Krebs},
  title        = {Try This One Weird Trick Russian Hackers hate},
  howpublished = {\url{https://krebsonsecurity.com/2021/05/try-this-one-weird-trick-russian-hackers-hate}},
  date         = {2021-05-17}
}
