@thesis{cboot,
  title        = {{Applying Supervised Learning on Malware Authorship Attribution}},
  author       = {Coen Boot},
  year         = 2019,
  url          = {https://www.ru.nl/publish/pages/769526/b_coen_boot.pdf},
  institution  = {Radboud University},
  type         = {Master Thesis}
}
@inproceedings{banking-malware,
  title        = {From ZeuS to Zitmo: Trends in Banking Malware},
  author       = {Etaher, Najla and Weir, George R.S. and Alazab, Mamoun},
  year         = 2015,
  booktitle    = {2015 IEEE Trustcom/BigDataSE/ISPA},
  volume       = 1,
  doi          = {10.1109/Trustcom.2015.535}
}
@article{ransomware,
  title        = {Ransomware threat success factors, taxonomy, and countermeasures: A survey and research directions},
  author       = {Al-rimy, Bander and Maarof, Mohd and Shaid, Syed},
  year         = 2018,
  journal      = {Computers \& Security},
  volume       = 74
}
@article{cyber_kill_chain,
  title        = {Intelligence-driven computer network defense informed by analysis of adversary campaigns and intrusion kill chains},
  author       = {Hutchins, Eric and Cloppert, Michael and Amin, Rohan and others},
  year         = 2011,
  journal      = {Leading Issues in Information Warfare \& Security Research},
  volume       = 1,
  number       = 1
}
@techreport{64-bit-malware,
  title        = {Beware of the 64-bit Malware},
  author       = {Guttman, Dalya},
  institution  = {Deep Instinct},
  year         = 2017,
  month        = {May},
  note         = {\url{https://www.deepinstinct.com/blog/whitepaper-beware-of-the-64-bit-malw/}}
}
@techreport{windows-malware,
  title        = {Security Report 2019/2020},
  author       = {{AV-TEST}},
  institution  = {{AV-TEST}},
  year         = 2020,
  month        = {August},
  note         = {\url{https://www.av-test.org/en/news/facts-analyses-on-the-threat-scenario-the-av-test-security-report-2019-2020/}},
}
@article{similarity-binary-code,
  title        = {A Survey of Binary Code Similarity},
  author       = {Haq, Irfan Ul and Caballero, Juan},
  volume       = 54,
  number       = 3,
  journaltitle = {{ACM} Computing Surveys},
  date         = {2021-04-17}
}
@inproceedings{binary-similarity-call-graph,
  title        = {Function matching-based binary-level software similarity calculation},
  author       = {Lee, Yeo Reum and Kang, {BooJoong} and Im, Eul Gyu},
  booktitle    = {Proceedings of the 2013 Research in Adaptive and Convergent Systems},
  publisher    = {Association for Computing Machinery},
  date         = {2013-10-01}
}
@inproceedings{binsim,
  title        = {{BinSim}: Trace-based Semantic Binary Diffing via System Call Sliced Segment Equivalence Checking},
  author       = {Ming, Jiang and Xu, Dongpeng and Jiang, Yufei and Wu, Dinghao},
  booktitle    = {26th {USENIX} Security Symposium ({USENIX} Security 17)},
  year         = 2017,
  month        = aug
}
@article{piecewise-hashing,
  title        = {Identifying almost identical files using context triggered piecewise hashing},
  author       = {Kornblum, Jesse},
  volume       = 3,
  journaltitle = {Digital Investigation},
  date         = {2006-09-01}
}
@inproceedings{fuzzy-import-hashing,
  title        = {Fuzzy-Import Hashing: A Malware Analysis Approach},
  author       = {Naik, Nitin and Jenkins, Paul and Savage, Nick and Yang, Longzhi and Boongoen, Tossapon and Iam-On, Natthakan},
  booktitle    = {2020 {IEEE} International Conference on Fuzzy Systems ({FUZZ}-{IEEE})},
  date         = {2020-07},
  note         = {{ISSN}: 1558-4739}
}
@inproceedings{fuzzy-hashing-combinational,
  title        = {Detection of Malicious Portable Executables Using Evidence Combinational Theory with Fuzzy Hashing},
  author       = {Namanya, Anitta Patience and Mirza, Qublai Khan Ali and Al-Mohannadi, Hamad and Awan, Irfan U. and Disso, Jules Ferdinand Pagna},
  booktitle    = {2016 {IEEE} 4th International Conference on Future Internet of Things and Cloud ({FiCloud})},
  date         = {2016-08}
}
@inproceedings{eat-exe,
  title        = {Malware Detection by Eating a Whole {EXE}},
  author       = {Raff, Edward and Barker, Jon and Sylvester, Jared and Brandon, Robert and Catanzaro, Bryan and Nicholas, Charles K.},
  booktitle    = {Workshops at the Thirty-Second {AAAI} Conference on Artificial Intelligence},
  date         = {2018-06-20}
}
@inproceedings{safe,
  title        = {{SAFE}: Self-Attentive Function Embeddings for Binary Similarity},
  author       = {Massarelli, Luca and Di Luna, Giuseppe Antonio and Petroni, Fabio and Baldoni, Roberto and Querzoni, Leonardo},
  booktitle    = {Detection of Intrusions and Malware, and Vulnerability Assessment},
  date         = 2019
}
@inproceedings{gemini,
  title        = {Neural Network-based Graph Embedding for Cross-Platform Binary Code Similarity Detection},
  author       = {Xu, Xiaojun and Liu, Chang and Feng, Qian and Yin, Heng and Song, Le and Song, Dawn},
  booktitle    = {Proceedings of the 2017 {ACM} {SIGSAC} Conference on Computer and Communications Security},
  publisher    = {{ACM}},
  date         = {2017-10-30}
}
@inproceedings{talos-first,
  title        = {Function identification and recovery signature tool},
  author       = {Villegas, Angel M.},
  booktitle    = {2016 11th International Conference on Malicious and Unwanted Software ({MALWARE})},
  publisher    = {{IEEE}},
  date         = {2016-10}
}
@article{asep-charactericstics-detectabilitiy,
  title        = {Characteristics and detectability of windows auto-start extensibility points in memory forensics},
  author       = {Uroz, Daniel and Rodr√≠guez, Ricardo},
  journal      = {Digital Investigation},
  volume       = 28,
  date         = {2019-04-01}
}
@unpublished{evading-autoruns,
  title        = {Evading Autoruns},
  author       = {Bisnett, Chris and Hanslovan, Kyle},
  year         = 2017,
  note         = {{DerbyCon} 7.0 \url{https://youtube.com/watch?v=AEmuhCwFL5I}}
}
@article{fileless-malware,
  title       = {An emerging threat Fileless malware: a survey and research challenges},
  author      = {Kumar, Sushil and Sudhakar},
  journal = {Cybersecurity},
  volume = 3,
  number = 1,
  year = 2020,
}
@article{stuxnet,
  author          = {Langner, Ralph},
  title           = {Stuxnet: Dissecting a Cyberwarfare Weapon},
  journal         = {{IEEE} Security \& Privacy},
  volume          = 9,
  number          = 3,
  date            = {2011-05-23},
}
@inproceedings{anti-virtualization,
  author          = {Xu Chen and Anderson, Jon and Mao, Z. Morley and Bailey, Michael and Nazario, Jose},
  title           = {Towards an understanding of anti-virtualization and anti-debugging behavior in modern malware},
  booktitle       = {2008 {IEEE} International Conference on Dependable Systems and Networks with {FTCS} and {DCC} ({DSN})},
  publisher       = {{IEEE}},
  year            = 2008,
}
@article{halting-problem,
  author          = {Alan Turing},
  title           = {On Computable Numbers, with an application to the Entscheidungsproblem},
  journal         = {Proceedings of the London Mathematical Society},
  volume          = 42,
  number          = 2,
  date            = {1936-11-12}
}
@inproceedings{impossible-virus-detection,
  author          = {Sel{\c{c}}uk, Ali Ayd{\i}n and Orhan, Fatih and Batur, Berker},
  title           = {Undecidable Problems in Malware Analysis},
  booktitle         = {2017 12th International Conference for Internet Technology and Secured Transactions},
  year            = 2017,
}
@inproceedings{survey-anti-analysis,
	title        = {Survey on malware anti-analysis},
	author       = {Gao, Yuxin and Lu, Zexin and Luo, Yuqing},
	year         = 2014,
	booktitle    = {Fifth International Conference on Intelligent Control and Information Processing},
}
